<record><leader>00000cas a22000007a 4500</leader><controlfield tag="001">27901157</controlfield><controlfield tag="008">930412c19859999ctuwr ne      0   a0eng d</controlfield><datafield ind1=" " ind2=" " tag="010"><subfield code="a">sn 93053922 </subfield></datafield><datafield ind1=" " ind2=" " tag="040"><subfield code="a">CNW</subfield><subfield code="b">eng</subfield><subfield code="c">CNW</subfield><subfield code="d">NSD</subfield><subfield code="d">OCLCQ</subfield></datafield><datafield ind1=" " ind2=" " tag="012"><subfield code="m">0</subfield></datafield><datafield ind1="1" ind2=" " tag="022"><subfield code="a">1527-7267</subfield><subfield code="l">1527-7267</subfield><subfield code="2">1</subfield></datafield><datafield ind1=" " ind2=" " tag="037"><subfield code="b">Hometown Publications, 1000 Bridgeport Ave., Stratford, CT 06484</subfield></datafield><datafield ind1=" " ind2=" " tag="042"><subfield code="a">msc</subfield><subfield code="a">nsdp</subfield></datafield><datafield ind1="0" ind2=" " tag="130"><subfield code="a">Stratford star (Trumbull, Conn.)</subfield></datafield><datafield ind1=" " ind2="0" tag="222"><subfield code="a">Stratford star</subfield><subfield code="b">(Stratford, Conn.)</subfield></datafield><datafield ind1="1" ind2="0" tag="245"><subfield code="a">Stratford star.</subfield></datafield><datafield ind1=" " ind2=" " tag="260"><subfield code="a">Trumbull, Conn. :</subfield><subfield code="b">Hometown Publications</subfield></datafield><datafield ind1=" " ind2=" " tag="300"><subfield code="a">v.</subfield></datafield><datafield ind1=" " ind2=" " tag="310"><subfield code="a">Weekly</subfield></datafield><datafield ind1="0" ind2=" " tag="362"><subfield code="a">Vol. 1, no. 1 (Mar. 13, 1985)-</subfield></datafield><datafield ind1=" " ind2=" " tag="500"><subfield code="a">Published: Stratford, Conn., 1999-</subfield></datafield><datafield ind1=" " ind2=" " tag="588"><subfield code="a">Latest issue consulted: Vol. 15, no. 22 (June 3, 1999).</subfield></datafield><datafield ind1=" " ind2="4" tag="651"><subfield code="a">Stratford (Conn.)</subfield><subfield code="v">Newspapers.</subfield></datafield><datafield ind1=" " ind2=" " tag="752"><subfield code="a">United States</subfield><subfield code="b">Connecticut</subfield><subfield code="c">Fairfield</subfield><subfield code="d">Trumbull.</subfield></datafield><datafield ind1="1" ind2=" " tag="029"><subfield code="a">AU@</subfield><subfield code="b">000020738098</subfield></datafield></record>